<record><leader>00000cas a22000007a 4500</leader><controlfield tag="001">31977124</controlfield><controlfield tag="008">950213d198u1990mauwr ne      0    0eng d</controlfield><datafield ind1=" " ind2=" " tag="010"><subfield code="a">sn 95068739 </subfield></datafield><datafield ind1=" " ind2=" " tag="040"><subfield code="a">MGN</subfield><subfield code="b">eng</subfield><subfield code="c">MGN</subfield><subfield code="d">OCLCQ</subfield></datafield><datafield ind1=" " ind2=" " tag="042"><subfield code="a">msc</subfield></datafield><datafield ind1="0" ind2="0" tag="245"><subfield code="a">East Boston reporter.</subfield></datafield><datafield ind1=" " ind2=" " tag="260"><subfield code="a">Revere, Ma. :</subfield><subfield code="b">[Reporter Publications]</subfield></datafield><datafield ind1=" " ind2=" " tag="300"><subfield code="a">v.</subfield></datafield><datafield ind1=" " ind2=" " tag="310"><subfield code="a">Weekly</subfield></datafield><datafield ind1="0" ind2=" " tag="362"><subfield code="a">-June 29, 1990.</subfield></datafield><datafield ind1=" " ind2=" " tag="500"><subfield code="a">"Serving the communities of: East Boston, Revere and Winthrop."</subfield></datafield><datafield ind1=" " ind2=" " tag="580"><subfield code="a">Merged with: Revere reporter, and: Winthrop reporter, to form: Reporter (Revere, Mass.).</subfield></datafield><datafield ind1=" " ind2=" " tag="588"><subfield code="a">Description based on: Jan. 22, 1987.</subfield></datafield><datafield ind1=" " ind2=" " tag="752"><subfield code="a">United States</subfield><subfield code="b">Massachusetts</subfield><subfield code="c">Suffolk</subfield><subfield code="d">Boston.</subfield></datafield><datafield ind1=" " ind2=" " tag="752"><subfield code="a">United States</subfield><subfield code="b">Massachusetts</subfield><subfield code="c">Suffolk</subfield><subfield code="d">East Boston.</subfield></datafield><datafield ind1=" " ind2=" " tag="752"><subfield code="a">United States</subfield><subfield code="b">Massachusetts</subfield><subfield code="c">Suffolk</subfield><subfield code="d">Revere.</subfield></datafield><datafield ind1=" " ind2=" " tag="752"><subfield code="a">United States</subfield><subfield code="b">Massachusetts</subfield><subfield code="c">Suffolk</subfield><subfield code="d">Winthrop.</subfield></datafield><datafield ind1="1" ind2="7" tag="785"><subfield code="t">Revere reporter</subfield><subfield code="w">(DLC)sn 95068740</subfield></datafield><datafield ind1="1" ind2="7" tag="785"><subfield code="t">Winthrop reporter</subfield></datafield><datafield ind1="1" ind2="7" tag="785"><subfield code="t">Reporter (Revere, Mass.)</subfield><subfield code="w">(DLC)sn 95068741</subfield></datafield></record>